########################################eigene Quellen########################################

@misc{statistic-smartphones,
	title={Anzahl der Smartphone-Nutzer in Deutschland in den Jahren 2009 bis 2013 (in Millionen)},
	author={comScore MobiLens (erstellt von statista.com)},
	publisher={statista.com},
	year={zuletzt besucht 20.März 2014},
	howpublished="\url{http://de.statista.com/statistik/daten/studie/198959/umfrage/anzahl-der-smartphonenutzer-in-deutschland-seit-2010/}"
}

@misc{positioningOverview,
	title={Indoor Positioning Technologies},
	author={Mautz, Dr. Rainer},
	year={2012},
	howpublished="\url{http://e-collection.library.ethz.ch/eserv/eth:5659/eth-5659-01.pdf}"
}

@misc{altergeo,
	title={AlterGeo Webseite},
	author={AlterGeo},
	year={Zuletzt besucht 20.März 2014},
	howpublished="\url{http://platform.altergeo.ru/}"
}

@misc{skyhookwireless,
	title={Skyhook Wirekess Webseite},
	author={Skyhook Wireless},
	year={Zuletzt besucht 20.März 2014},
	howpublished="\url{http://www.skyhookwireless.com/}"
}

@misc{bluetoothcore,
	title={Bluetooth Specification Version 4.0[Vol 0]},
	author={Bluetooth SIG},
	year={2010},
	howpublished="\url{http://www.bluetooth.org/docman/handlers/downloaddoc.ashx?doc_id=229737}"
}

@misc{iphone4sspecs,
	title={Technische Daten des iPhone 4s},
	author={Apple Inc.},
	year={zuletzt besucht 20.März 2014},
	howpublished="\url{http://www.apple.com/de/iphone-4s/specs/}"
}

@misc{wibree,
	title={Wibree},
	author={Nokia Developer Wiki},
	year={zuletzt besucht 20.März 2014},
	howpublished="\url{http://developer.nokia.com/community/wiki/Wibree}"
}

@misc{blespecs,
	title={Bluetooth 4.0: Low Energy},
	author={Joe Decuir},
	year={2010},
	howpublished="\url{http://chapters.comsoc.org/vancouver/BTLER3.pdf}"
}

@misc{blespecsnordic,
	title={Nordic Tech Tour: Introduction to Bluetooth low energy},
	author={Hung Bui},
	year={April 2013},
	howpublished="\url{http://www.eabeurs.nl/files/7013/7085/2988/3_Introduction_to_Bluetooth_low_energy.pdf}"
}

@misc{appleinsideribeacons,
	title={Inside iOS 7: iBeacons enhance apps' location awareness via Bluetooth LE},
	author={Daniel Eran Dilger},
	journal={AppleInsider.com},
	year={Juni 2013},
	howpublished="\url{http://appleinsider.com/miscs/13/12/06/first-look-using-ibeacon-location-awareness-at-an-apple-store}"
}

@misc{clbeaconref,
	title={CLBeacon Class Reference},
	author={Apple Inc.},
	journal={iOS Developer Library},
	year={zuletzt besucht 20.März 2014},
	howpublished="\url{http://developer.apple.com/library/ios/documentation/CoreLocation/Reference/CLBeacon_class/Reference/Reference.html#//apple_ref/doc/uid/TP40013053}"
}

@misc{clbeaconregionref,
	title={CLBeaconRegion Class Reference},
	author={Apple Inc.},
	journal={iOS Developer Library}, 
	year={zuletzt besucht 20.März 2014},
	howpublished="\url{http://developer.apple.com/library/ios/documentation/CoreLocation/Reference/CLBeaconRegion_class/Reference/Reference.html#//apple_ref/doc/uid/TP40013054}"
}

@misc{xcodeinfo,
	title={What's new in Xcode 5},
	author={Apple Inc.},
	journal={Apple Developer},
	year={zuletzt besuch 20.März 2014},
	howpublished="\url{http://developer.apple.com/xcode/}"
}

@misc{coredataguide,
	title={Introduction to Core Data Programming Guide}, 
	author={Apple Inc.},
	journal={iOS Developer Library},
	year={zuletzt besucht 20.März 2014},
	howpublished="\url{http://developer.apple.com/library/ios/documentation/Cocoa/Conceptual/CoreData/cdProgrammingGuide.html#//apple_ref/doc/uid/TP30001200-SW1}"
}

@misc{corelocation,
	title={About Location Services and Maps},
	author={Apple Inc.},
	journal={iOS Developer Library},
	year={zuletzt besucht 20.März 2014},
	howpublished="\url{http://developer.apple.com/library/ios/documentation/userexperience/conceptual/LocationAwarenessPG/Introduction/Introduction.html#//apple_ref/doc/uid/TP40009497-CH1-SW1}"
}

@misc{mapboxweb,
	title={Mapbox Webseite},
	author={Mapbox},
	year={zuletzt besucht 20.März 2014}, 
	howpublished="\url{http://www.mapbox.com/}"
}

@misc{mapboxsdk,
	title={Mapbox iOS SDK},
	author={Mapbox},
	year={zuletzt besucht 20.März 2014}, 
	howpublished="\url{http://www.mapbox.com/mapbox-ios-sdk/}"
}

@misc{googleindoormaps,
	title={Google Maps Indoor-Karten}, 
	author={Google Inc.},
	year={zuletzt besucht 20.März 2014},
	howpublished="\url{http://www.google.com/maps/about/partners/indoormaps/}"
}

@misc{geotiff,
	title={GeoTIFF Format Specification},
	author={Ritter, Niles and Ruth, Mike},
	year={2014},
	howpublished="\url{http://www.remotesensing.org/geotiff/spec/geotiffhome.html}"
}

@misc{jpgtogeo,
	title={Images as Maps},
	author={Tom MacWright},
	year={2014},
	howpublished="\url{http://www.macwright.org/2012/08/13/images-as-maps.html}"

}

@misc{mbtiles,
	title={Storing Tiles},
	author={Mapbox},
	year={2014},
	howpublished="\url{http://www.mapbox.com/developers/mbtiles/}"
}

@misc{tilemill,
	title={TileMill},
	author={Mapbox},
	year={zuletzt besucht 20.März 2014},
	howpublished="\url{http://www.mapbox.com/tilemill/}"
}

@misc{radiusraspberry,
	title={How to Make an iBeacon Out of a Raspberry Pi},
	author={James Nebeker and David G. Young},
	year={2014},
 	publisher={},
	howpublished="\url{http://developer.radiusnetworks.com/2013/10/09/how-to-make-an-ibeacon-out-of-a-raspberry-pi.html}"
}

@misc{iPhone5Teardown,
	title={iPhone 5 Teardown},
	author={iFixit},
    year={2014},
	howpublished="\url{http://www.ifixit.com/Teardown/iPhone+5+Teardown/10525}"
}

@misc{iPhone4sTeardown,
	title={iPhone 4s Teardown},
	author={iFixit},
    year={2014},
	howpublished="\url{http://www.ifixit.com/Teardown/iPhone+4S+Teardown/6610}"
}

@misc{nordicBluetooth,
	title={Introduction to Bluetooth Low Energy},
	author={Hung Bui},
    year={2014},
	howpublished="\url{http://www.eabeurs.nl/files/7013/7085/2988/3_Introduction_to_Bluetooth_low_energy.pdf zuletzt besucht: 20.03.2014}"
}

@misc{github,
	title={GitHub Webseite},
	author={GitHub}, 
	year={zuletzt besucht 20.März 2014},
	howpublished="\url{http://github.com/}"
}

@misc{estimotespecs,
	title={Reverse Engineering the Estimote},
	author={Allan, Alasdair and Mistry, Sandeep},
	year={zuletzt besucht 20.März 2014},
	howpublished="\url{http://makezine.com/2014/01/03/reverse-engineering-the-estimote/}"
}

@misc{estimote,
	title={estimote Webseite},
	author={estimote}, 
	year={zuletzt besucht 20.März 2014}, 
	howpublished="\url{http://estimote.com/}"
}

@misc{estimoteapi,
	title={estimote API},
	author={estimote},
	year={zuletzt besucht 20.März 2014},
	howpublished="\url{http://estimote.com/api/index.html}"
}

@misc{nordicchipset,
	title={nRF51822},
	author={Nordic Semiconductor},
	year={zuletzt besucht 20.März 2014},
	howpublished="\url{http://www.nordicsemi.com/eng/Products/Bluetooth-R-low-energy/nRF51822}"
}

@misc{bluegigachipset,
	title={BLE113 Bluetooth Smart Module},
	author={bluegiga},
	year={zuletzt besucht 20.März 2014},
	howpublished="\url{http://www.bluegiga.com/en-US/products/bluetooth-4.0-modules/ble113-bluetooth--smart-module/}"
}

@misc{raspberrypi,
	title={Raspberry Pi Webseite},
	author={raspberrypi.org},
	year={zuletzt besucht 20.März 2014},
	howpublished="\url{http://www.raspberrypi.org/faqs}"
}

@misc{signalverbreitung,
	title={WLAN-Antennenbau},
	author={Heine, Alexander and Nitschke, Ronald},
	year={zuletzt besucht 20.März 2014},
	howpublished="\url{http://www.ronaldnitschke.de/index.php?main=antenna/007&rechts=antenna/antenna_r}"
}

@book{wlanposlateration,
  title={WLAN Positioning Systems: Principles and Applications in Location-Based Services},
  author={Kushki, Azadeh and Plataniotis, Konstantinos N. and Venetsanopoulos, Anastasios N.},
  pages={33-36},
  year={2012},
  publisher={Cambridge University Press}
}

@misc{wififingerprinting,
	title={Wi-Fi Localization Using RSSI Fingerprinting},
	author={Navarro, Eduardo and Peuker, Benjamin and Quan, Michael},
	year={},
	howpublished="\url{http://digitalcommons.calpoly.edu/cgi/viewcontent.cgi?misc=1007&context=cpesp}"
}

@misc{iossimulator,
	title={iOS Simulator User Guide},
	author={Apple Inc.},
	year={zuletzt besucht 20.März 2014},
	howpublished="\url{http://developer.apple.com/library/ios/documentation/IDEs/Conceptual/iOS_Simulator_Guide/Introduction/Introduction.html}"
}

@misc{iossetup,
	title={Start Developing iOS Apps Today},
	author={Apple Inc.},
	year={zuletzt besucht 20.März 2014},
	howpublished="\url{http://developer.apple.com/library/ios/referencelibrary/GettingStarted/RoadMapiOS/index.html#//apple_ref/doc/uid/TP40011343}"
}

@misc{xcodeautolayout,
	title={Auto Layout Guide},
	author={Apple Inc.},
	year={zuletzt besucht 20.März 2014},
	howpublished="\url{http://developer.apple.com/library/ios/documentation/userexperience/conceptual/AutolayoutPG/Introduction/Introduction.html#//apple_ref/doc/uid/TP40010853-CH13-SW1}"
}

@misc{plugable,
	title={Plugable USB-BT4LE},
	author={plugable},
	year={zuletzt besucht 20.März 2014},
	howpublished="\url{http://plugable.com/products/usb-bt4le}"
}

@misc{bluez,
	title={About blueZ},
	author={BlueZ Project},
	year={zuletzt besucht 20.März 2014},
	howpublished="\url{http://www.bluez.org/about/}"
}

@misc{iosdevprog,
	title={iOS Developer Program},
	author={Apple Inc.},
	year={zuletzt besucht 20.März 2014},
	howpublished="\url{http://developer.apple.com/programs/ios/}"
}
@misc{mbtiles, 
	title={Storing tiles}, 
	author={Mapbox},
	year={zuletzt besucht 20.März 2014},
	howpublished="\url{http://www.mapbox.com/developers/mbtiles/}"
}

@misc{kontaktapi,
	title={Kontakt API Documentation},
	author={kontakt.io},
	year={zuletzt besucht 20.März 2014},
	howpublished="\url{http://docs.kontakt.io}"
}

@misc{objc,
	title={Programming with Objective-C},
	author={Apple Inc.},
	year={zuletzt besucht 20.März 2014},
	howpublished="\url{http://developer.apple.com/library/mac/documentation/cocoa/conceptual/ProgrammingWithObjectiveC/Introduction/Introduction.html#//apple_ref/doc/uid/TP40011210-CH1-SW1}"
}

@misc{uuidgen,
	title={Manual page: uuidgen},
	author={Apple Inc.},
	year= {zuletzt besucht 20.März 2014},
	howpublished="\url{http://developer.apple.com/library/mac/documentation/Darwin/Reference/ManPages/man1/uuidgen.1.html}"
}

@misc{cntrldrag,
	title={Establishing a Cocoa Binding by Control-Dragging},
	author={Apple Inc.},
	year={zuletzt besucht 20.März 2014},
	howpublished="\url{http://developer.apple.com/library/ios/recipes/xcode_help-interface_builder/miscs-connections_bindings/EstablishingBindingsDragging.html}"
}

@misc{wifiFingerprintProbability,
	title={WiFi Fingerprint Indoor Positioning System Using Probability Distribution Comparison},
	author={Le Dortz, Nicolas and Gain, Florian and Zetterberg, Per},
	year={2013},
	journal = {2012 IEEE International Conference on Acoustics, Speech and Signal Processing (ICASSP 2012) : Kyoto, Japan, 25 - 30 March 2012 ; [proceedings]},
    pages={2301-2304},
	publisher={IEEE},
	howpublished="\url{http://ieeexplore.ieee.org/xpl/miscDetails.jsp?arnumber=6288374}",
	language = {Englisch},
	ISBN = {978-1-4673-0045-2},
	ISBN = {978-1-4673-0046-9},
}